@book{Emerick2012ClojureProgramming,
 author = {Chas Emerick and Brian Carper and Christophe Grand},
 title = {Clojure Programming},
 year = {2012},
 isbn = {1449394701, 9781449394707},
 edition = 1,
 publisher = {O'Reilly Media, Inc.},
} 

